<record><leader>00000cas a2200000 a 4500</leader><controlfield tag="001">13991378</controlfield><controlfield tag="008">860731d19401943vauwr ne      0    0eng  </controlfield><datafield ind1=" " ind2=" " tag="010"><subfield code="a">sn 86071771 </subfield></datafield><datafield ind1=" " ind2=" " tag="040"><subfield code="a">DLC</subfield><subfield code="b">eng</subfield><subfield code="c">DLC</subfield><subfield code="d">NPI</subfield><subfield code="d">YOX</subfield><subfield code="d">NVK</subfield><subfield code="d">FUG</subfield><subfield code="d">NVK</subfield><subfield code="d">NVF</subfield><subfield code="d">NVK</subfield><subfield code="d">NVF</subfield><subfield code="d">OCL</subfield><subfield code="d">DLC</subfield><subfield code="d">OCLCO</subfield><subfield code="d">OCLCQ</subfield><subfield code="d">OCLCF</subfield><subfield code="d">OCLCO</subfield></datafield><datafield ind1="1" ind2=" " tag="029"><subfield code="a">AU@</subfield><subfield code="b">000004809499</subfield></datafield><datafield ind1=" " ind2=" " tag="042"><subfield code="a">pcc</subfield></datafield><datafield ind1=" " ind2=" " tag="043"><subfield code="a">n-us-va</subfield></datafield><datafield ind1="0" ind2="0" tag="050"><subfield code="a">Newspaper</subfield></datafield><datafield ind1="0" ind2="0" tag="245"><subfield code="a">Journal and guide and Newport News star.</subfield></datafield><datafield ind1="1" ind2=" " tag="246"><subfield code="i">Published as:</subfield><subfield code="a">Journal and guide Newport News star</subfield><subfield code="f">Nov. 2, 1940-1943</subfield></datafield><datafield ind1="3" ind2=" " tag="246"><subfield code="a">Newport News star</subfield></datafield><datafield ind1=" " ind2=" " tag="260"><subfield code="a">[Norfolk, Va.] :</subfield><subfield code="b">Guide Pub. Co.</subfield></datafield><datafield ind1=" " ind2=" " tag="300"><subfield code="a">v.</subfield></datafield><datafield ind1=" " ind2=" " tag="310"><subfield code="a">Weekly</subfield></datafield><datafield ind1="0" ind2=" " tag="362"><subfield code="a">Vol. 40, no. 40 (Oct. 19, 1940)-v. 43, no. 36 (Sept. 4, 1943).</subfield></datafield><datafield ind1=" " ind2=" " tag="530"><subfield code="a">Available on microfilm from Eastman Kodak.</subfield></datafield><datafield ind1=" " ind2=" " tag="580"><subfield code="a">Portsmouth ed.: Journal and guide (Norfolk, Va. : Norfolk Portsmouth ed.), &lt;&gt;-1943.</subfield></datafield><datafield ind1=" " ind2="0" tag="650"><subfield code="a">African Americans</subfield><subfield code="z">Virginia</subfield><subfield code="v">Newspapers.</subfield></datafield><datafield ind1=" " ind2="0" tag="650"><subfield code="a">African American newspapers</subfield><subfield code="z">Virginia.</subfield></datafield><datafield ind1=" " ind2="0" tag="651"><subfield code="a">Norfolk (Va.)</subfield><subfield code="v">Newspapers.</subfield></datafield><datafield ind1=" " ind2="0" tag="651"><subfield code="a">Newport News (Va.)</subfield><subfield code="v">Newspapers.</subfield></datafield><datafield ind1=" " ind2="7" tag="655"><subfield code="a">Newspapers.</subfield><subfield code="2">fast</subfield><subfield code="0">(OCoLC)fst01423814</subfield></datafield><datafield ind1=" " ind2="7" tag="650"><subfield code="a">African American newspapers.</subfield><subfield code="2">fast</subfield><subfield code="0">(OCoLC)fst00799278</subfield></datafield><datafield ind1=" " ind2="7" tag="650"><subfield code="a">African Americans.</subfield><subfield code="2">fast</subfield><subfield code="0">(OCoLC)fst00799558</subfield></datafield><datafield ind1=" " ind2="7" tag="651"><subfield code="a">Virginia.</subfield><subfield code="2">fast</subfield><subfield code="0">(OCoLC)fst01204597</subfield></datafield><datafield ind1=" " ind2="7" tag="651"><subfield code="a">Virginia</subfield><subfield code="z">Newport News.</subfield><subfield code="2">fast</subfield><subfield code="0">(OCoLC)fst01205348</subfield></datafield><datafield ind1=" " ind2="7" tag="651"><subfield code="a">Virginia</subfield><subfield code="z">Norfolk.</subfield><subfield code="2">fast</subfield><subfield code="0">(OCoLC)fst01206844</subfield></datafield><datafield ind1=" " ind2=" " tag="752"><subfield code="a">United States</subfield><subfield code="b">Virginia</subfield><subfield code="d">Norfolk.</subfield></datafield><datafield ind1="0" ind2=" " tag="775"><subfield code="t">Journal and guide (Norfolk, Va. : National ed.)</subfield><subfield code="w">(DLC)sn 89065015</subfield></datafield><datafield ind1="0" ind2=" " tag="775"><subfield code="t">Journal and guide (Norfolk, Va. : Home ed.)</subfield><subfield code="w">(DLC)sn 95079592</subfield></datafield><datafield ind1="1" ind2=" " tag="775"><subfield code="t">Journal and guide (Norfolk, Va. : Norfolk Portsmouth ed.)</subfield><subfield code="w">(DLC)sn 97061151</subfield></datafield><datafield ind1="0" ind2="4" tag="780"><subfield code="t">Journal and guide (Norfolk, Va. : Peninsula ed. : 1937)</subfield><subfield code="w">(DLC)sn 95079594</subfield></datafield><datafield ind1="0" ind2="4" tag="780"><subfield code="t">Newport News star</subfield><subfield code="w">(DLC)sn 95079077</subfield></datafield><datafield ind1="0" ind2="0" tag="785"><subfield code="t">Journal and guide (Norfolk, Va. : Peninsula ed. : 1943)</subfield><subfield code="w">(DLC)sn 84025934</subfield></datafield></record>